@book{hofstadter_gdel_1979,
  added-at = {2009-02-19T14:19:12.000+0100},
  author = {Hofstadter, Douglas R.},
  biburl = {https://www.bibsonomy.org/bibtex/28e4bfa972541e430f9520006e053ef9b/ivan},
  interhash = {311d5d81ee9dfd0fccabd4beafdc671c},
  intrahash = {8e4bfa972541e430f9520006e053ef9b},
  keywords = {logic mathematics},
  publisher = {Basic Books Inc.},
  timestamp = {2009-02-19T14:19:14.000+0100},
  title = {GÃ¶del, Escher, Bach: an Eternal Golden Braid},
  year = 1979
}


